<?xml version="1.0" encoding="UTF-8"?><collection xmlns="http://www.loc.gov/MARC21/slim"><record><leader>00360nam--2200121-i-4500</leader><controlfield tag="001">000012520</controlfield><controlfield tag="002">20161230</controlfield><controlfield tag="005">20161230201029</controlfield><controlfield tag="008">060222s1000------------r-----000-0-eng-d</controlfield><datafield ind1=" " ind2=" " tag="100"><subfield code="a">Aracil, Janvier, Pun, Lucas, Abatut, Jean-louis</subfield></datafield><datafield ind1=" " ind2=" " tag="245"><subfield code="a">Integrated automation practice</subfield></datafield><datafield ind1=" " ind2=" " tag="260"><subfield code="a">Amsterdam, North-holland Publishing Company, 1976 Xii + 368 P</subfield></datafield><datafield ind1=" " ind2=" " tag="852"><subfield code="a">45578</subfield></datafield></record></collection>